<record><leader>00000cas a22000007a 4500</leader><controlfield tag="001">11593180</controlfield><controlfield tag="008">850117d18961899mtuwr ne      0    0eng d</controlfield><datafield ind1=" " ind2=" " tag="010"><subfield code="a">sn 85053011 </subfield></datafield><datafield ind1=" " ind2=" " tag="040"><subfield code="a">MTL</subfield><subfield code="b">eng</subfield><subfield code="c">MTL</subfield><subfield code="d">OCLCQ</subfield><subfield code="d">WAU</subfield></datafield><datafield ind1=" " ind2=" " tag="042"><subfield code="a">msc</subfield></datafield><datafield ind1="0" ind2="4" tag="245"><subfield code="a">The Clancy miner.</subfield></datafield><datafield ind1=" " ind2=" " tag="260"><subfield code="a">Clancy, Mont. :</subfield><subfield code="b">Williams &amp; Lyon,</subfield><subfield code="c">1896-1899.</subfield></datafield><datafield ind1=" " ind2=" " tag="300"><subfield code="a">4 v. :</subfield><subfield code="b">ill. ;</subfield><subfield code="c">50-55 cm.</subfield></datafield><datafield ind1=" " ind2=" " tag="310"><subfield code="a">Weekly</subfield></datafield><datafield ind1="0" ind2=" " tag="362"><subfield code="a">Vol. 2, no. 1 (Jan. 4, 1896)-v. 5, no. 28 (July 15, 1899) = whole no. 53-whole no. 237.</subfield></datafield><datafield ind1=" " ind2=" " tag="752"><subfield code="a">United States</subfield><subfield code="b">Montana</subfield><subfield code="c">Jefferson</subfield><subfield code="d">Clancy.</subfield></datafield><datafield ind1="1" ind2=" " tag="776"><subfield code="t">Clancy miner</subfield><subfield code="w">(DLC)  2014252005</subfield><subfield code="w">(OCoLC)878562557</subfield></datafield></record>